@TechReport{jamopp09,
  author = 	 {Florian Heidenreich and Jendrik Johannes and Mirko Seifert
                  and Christian Wende},
  title = 	 {{JaMoPP: The Java Model Parser and Printer}},
  institution =  {Technische Universit√§t Dresden, Fakult\"at Informatik},
  year = 	 2009,
  type = 	 {Technical Report},
  number = 	 {TUD-FI09-10},
  note = 	 {\url{ftp://ftp.inf.tu-dresden.de/pub/berichte/tud09-10.pdf}}}


@book{Java7Spec,
  added-at = {2012-04-11T14:56:53.000+0200},
  address = {California, USA},
  author = {Gosling, James and Joy, Bill and Steele, Guy and Bracha, Gilad and Buckley, Alex},
  biburl = {http://www.bibsonomy.org/bibtex/2f12cf61b050142dcbab6d0e837955684/gron},
  day = 6,
  edition = {Java SE 7 Edition},
  interhash = {d43e840ef417aa84fbd92f9db52014e9},
  intrahash = {f12cf61b050142dcbab6d0e837955684},
  keywords = {java language specification},
  month = {February},
  organization = {Oracle America, Inc.},
  timestamp = {2012-04-11T14:56:53.000+0200},
  title = {The Java Language Specification},
  url = {http://docs.oracle.com/javase/specs/jls/se7/jls7.pdf},
  year = 2012
}

@book{Aho:CPTT,
 author = {Aho, Alfred V. and Lam, Monica S. and Sethi, Ravi and Ullman,
                  Jeffrey D.},
 title = {Compilers: Principles, Techniques, and Tools (2nd Edition)},
 year = 2006,
 isbn = 0321486811,
 publisher = {Addison-Wesley Longman Publishing Co., Inc.},
 address = {Boston, MA, USA},
}

@article{Ferrante:1987:PDG:24039.24041,
 author = {Ferrante, Jeanne and Ottenstein, Karl J. and Warren, Joe D.},
 title = {The program dependence graph and its use in optimization},
 journal = {ACM Trans. Program. Lang. Syst.},
 issue_date = {July 1987},
 volume = {9},
 number = {3},
 month = jul,
 year = {1987},
 issn = {0164-0925},
 pages = {319--349},
 numpages = {31},
 url = {http://doi.acm.org/10.1145/24039.24041},
 doi = {10.1145/24039.24041},
 acmid = {24041},
 publisher = {ACM},
 address = {New York, NY, USA},
}

@INPROCEEDINGS{GXL02,
    author = {Andreas Winter and Bernt Kullbach and Volker Riediger},
    title = {An overview of the gxl graph exchange language},
    booktitle = {Revised Lectures on Software Visualization},
    year = 2002,
    pages = {324--336},
    publisher = {Springer},
    note = {\url{http://www.se.uni-oldenburg.de/documents/winter+2002.pdf}}
}
